
@article{schmidt_2023,
  author    = {Schmidt, Gavin. A. and Romanou, Anastasia and Roach, Lettie A. and Mankoff, Kenneth
                  D. and Li, Qian and Rye, Craig D. and Kelley, Maxwell and Marshall, John C. and
                  Busecke, Julius J. M.},
  title     = {Anomalous Meltwater From Ice Sheets and Ice Shelves Is a Historical Forcing},
  journal   = {Geophysical Research Letters},
  year 	    = 2023,
  volume    = 50,
  number    = 24,
  ISSN 	    = {1944-8007},
  DOI 	    = {10.1029/2023gl106530},
  publisher = {American Geophysical Union (AGU)},
  file 	    = {./s/schmidt/schmidt_2023.pdf}}

@misc{sankey,
  author = {Gaborit, Paul},
  title = {sankey – Draw {S}ankey diagrams with {TikZ}},
  year = {2021},
  url = {https://ctan.org/pkg/sankey},
  urldate = {2024-06-22}
}

@article{wang_2024,
  author    = {Wang, Genyu and Ke, Chang‐Qing and Fan, Yubin and Shen, Xiaoyi and Nourani, Vahid and
                  Sankaran, Adarsh and Mehr, Ali Danandeh and Popov, Sergey V.},
  title     = {Accelerated Basal Melt Rates of Ice Shelves in {N}orth {G}reenland From 2013 to 2022
                  Estimated With the High‐Resolution {ArcticDEM}},
  journal   = {Journal of Geophysical Research: Oceans},
  year 	    = 2024,
  volume    = 129,
  number    = 12,
  month     = 12,
  ISSN 	    = {2169-9291},
  DOI 	    = {10.1029/2024jc021509},
  publisher = {American Geophysical Union (AGU)},
  file 	    = {./w/wang/wang_2024.pdf}}


@article{hansen_2021,
  author    = {Karina Hansen and Martin Truffer and Andy Aschwanden and Kenneth Mankoff and Michael
                  Bevis and Angelika Humbert and Michiel R. Broeke and Brice Noël and Anders
                  Bj{\o}rk and William Colgan and Kurt H. Kj{\ae}r and Surendra Adhikari and
                  Valentina Barletta and Shfaqat A. Khan},
  title     = {Estimating Ice Discharge at {G}reenland's Three Largest Outlet
                  Glaciers Using Local Bedrock Uplift},
  journal   = {Geophysical Research Letters},
  year 	    = 2021,
  volume    = 48,
  number    = 14,
  month     = 7,
  doi 	    = {10.1029/2021gl094252},
  publisher = {American Geophysical Union ({AGU})},
  file 	    = {./h/hansen/hansen_2021.pdf}}

@article{reijmer_2012,
  author    = {Reijmer, C. H. and van den Broeke, M. R. and Fettweis, X. and Ettema, J. and Stap, L.
                  B.},
  title	    = {Refreezing on the {G}reenland ice sheet: a comparison of parameterizations},
  journal   = {The Cryosphere},
  year	    = 2012,
  volume    = 6,
  number    = 4,
  pages	    = {743–762},
  month	    = 7,
  ISSN	    = {1994-0424},
  DOI	    = {10.5194/tc-6-743-2012},
  publisher = {Copernicus GmbH},
}

@article{kochtitzky_2023,
  author    = {Kochtitzky,  William and Copland,  Luke and King,  Michalea and Hugonnet,  Romain and Jiskoot,  Hester and Morlighem,  Mathieu and Millan,  Romain and Khan,  Shfaqat Abbas and Noël,  Brice},
  title     = {Closing {G}reenland’s Mass Balance: Frontal Ablation of Every {G}reenlandic Glacier From 2000 to 2020},
  journal   = {Geophysical Research Letters},
  year 	    = 2023,
  volume    = 50,
  number    = 17,
  month     = 9,
  ISSN 	    = {1944-8007},
  DOI 	    = {10.1029/2023gl104095},
  publisher = {American Geophysical Union (AGU)}}


@article{lenaerts_2012,
  author    = {Lenaerts, J. T. M. and van den Broeke, M. R. and van Angelen, J. H. and van
                  Meijgaard, E. and Déry, S. J.},
  title     = {Drifting snow climate of the {G}reenland ice sheet: a study with a regional climate
                  model},
  journal   = {The Cryosphere},
  year 	    = 2012,
  volume    = 6,
  number    = 4,
  pages     = {891–899},
  month     = 8,
  ISSN 	    = {1994-0424},
  DOI 	    = {10.5194/tc-6-891-2012},
  publisher = {Copernicus GmbH}}


@article{mankoff_2020_solid,
  title	    = {{G}reenland Ice Sheet solid ice discharge from 1986 through {M}arch 2020},
  author    = {Mankoff, Kenneth D. and Solgaard, Anne and Colgan, William and Ahlstrøm, Andreas P.
                  and Khan, Shfaqat Abbas and Fausto, Robert S.},
  journal   = {Earth System Science Data},
  volume    = 12,
  number    = 2,
  month	    = 6,
  year	    = 2020,
  pages	    = {1367-1383},
  ISSN	    = {1866-3516},
  publisher = {Copernicus GmbH},
  DOI	    = {10.5194/essd-12-1367-2020}
}

@article{mankoff_2020_liquid,
  author    = {Mankoff, Kenneth D. and Noël, Brice and Fettweis, Xavier and Ahlstrøm, Andreas P. and
                  Colgan, William and Kondo, Ken and Langley, Kirsty and Sugiyama, Shin and van As,
                  Dirk and Fausto, Robert S.},
  title     = {{G}reenland liquid water discharge from 1958 through 2019},
  journal   = {Earth System Science Data},
  year 	    = 2020,
  volume    = 12,
  number    = 4,
  pages     = {2811–2841},
  month     = 11,
  ISSN 	    = {1866-3516},
  DOI 	    = {10.5194/essd-12-2811-2020},
  publisher = {Copernicus GmbH}}

@article{mankoff_2021,
  author    = {Mankoff, Kenneth D. and Fettweis, Xavier and Langen,
               Peter L. and Stendel, Martin and Kjeldsen, Kristian K. and
	       Karlsson, Nanna B. and Noël, Brice and {van den Broeke},
	       Michiel R. and Solgaard, Anne and Colgan, William and
	       Box, Jason E. and Simonsen, Sebastian B. and King, Michalea D.
	       and Ahlstrøm, Andreas P. and Andersen, Signe Bech and
	       Fausto, Robert S.},
  title     = {{G}reenland ice sheet mass balance from 1840 through next week},
  journal   = {Earth System Science Data},
  year 	    = 2021,
  volume    = 13,
  number    = 10,
  pages     = {5001-–5025},
  month     = 10,
  DOI 	    = {10.5194/essd-13-5001-2021},
  publisher = {Copernicus GmbH}}


@article{enderlin_2013,
  author    = {Enderlin, Ellyn M. and Howat, Ian M.},
  doi	    = {10.3189/2013JoG12J049},
  dt	    = {2000 -- 2010},
  journal   = {Journal of Glaciology},
  keywords  = {Greenland, Subglacial, Melt, Meltwater, Glacier},
  location  = {Greenland},
  number    = {213},
  pages	    = {67--75},
  title	    = {Submarine melt rate estimates for floating termini of {G}reenland outlet glaciers
                  (2000 -- 2010)},
  volume    = {59},
  year	    = {2013}
}

@article{karlsson_2021,
  author    = {Karlsson, Nanna B. and Solgaard, Anne M. and Mankoff, Kenneth D. and Gillet-Chaulet,
                  Fabien and MacGregor, Joseph A. and Box, Jason E. and Citterio, Michele and
                  Colgan, William T. and Larsen, Signe H. and Kjeldsen, Kristian K. and Niels J.
                  Korsgaard and Douglas I. Benn and Ian Hewitt and Robert S. Fausto},
  title	    = {A first constraint on basal melt-water production of the {G}reenland ice sheet},
  journal   = {Nature Communications},
  year	    = 2021,
  volume    = 12,
  number    = 3461,
  ISSN	    = {2041-1723},
  DOI	    = {10.1038/s41467-021-23739-z},
  publisher = {Springer Science and Business Media LLC}
}

@article{otosaka_2023,
  author    = {In{\`{e}}s N. Otosaka and Andrew Shepherd and Erik R. Ivins and Nicole-Jeanne
                  Schlegel and Charles Amory and Michiel R. van den Broeke and Martin Horwath and
                  Ian Joughin and Michalea D. King and Gerhard Krinner and Sophie Nowicki and
                  Anthony J. Payne and Eric Rignot and Ted Scambos and Karen M. Simon and Benjamin
                  E. Smith and Louise S. S{\o}rensen and Isabella Velicogna and Pippa L. Whitehouse
                  and Geruo A and C{\'{e}}cile Agosta and Andreas P. Ahlstr{\o}m and Alejandro
                  Blazquez and William Colgan and Marcus E. Engdahl and Xavier Fettweis and Rene
                  Forsberg and Hubert Gall{\'{e}}e and Alex Gardner and Lin Gilbert and Noel
                  Gourmelen and Andreas Groh and Brian C. Gunter and Christopher Harig and Veit Helm
                  and Shfaqat Abbas Khan and Christoph Kittel and Hannes Konrad and Peter L. Langen
                  and Benoit S. Lecavalier and Chia-Chun Liang and Bryant D. Loomis and Malcolm
                  McMillan and Daniele Melini and Sebastian H. Mernild and Ruth Mottram and Jeremie
                  Mouginot and Johan Nilsson and Brice Noël and Mark E. Pattle and William R.
                  Peltier and Nadege Pie and M{\`{o}}nica Roca and Ingo Sasgen and Himanshu V. Save
                  and Ki-Weon Seo and Bernd Scheuchl and Ernst J. O. Schrama and Ludwig Schröder and
                  Sebastian B. Simonsen and Thomas Slater and Giorgio Spada and Tyler C. Sutterley
                  and Bramha Dutt Vishwakarma and Jan Melchior van Wessem and David Wiese and Wouter
                  van der Wal and Bert Wouters},
  title     = {Mass balance of the {G}reenland and {A}ntarctic ice sheets from 1992 to 2020},
  journal   = {Earth System Science Data},
  year 	    = 2023,
  volume    = 15,
  number    = 4,
  pages     = {1597--1616},
  doi 	    = {10.5194/essd-15-1597-2023},
  file 	    = {./o/otosaka/otosaka_2023.pdf},
  publisher = {Copernicus {GmbH}}}

@techreport{cogley_2011,
  author    = {Cogley, J. G. and Hock, Regine and Rasmussen, L.A. and Arendt, A.A. and Bauder, A.
                  and Braithwaite, R.J. and Jansson, P. and Kaser, G. and M{\"o}ller, M. and
                  Nicholson, L. and Zemp, M.},
  address   = {Paris},
  keywords  = {Mass Balance, Glacier},
  title	    = {Glossary of Glacier Mass Balance and Related Terms},
  type	    = {{IHP-VII Technical Documents in Hydrology N$ ^{\circ}$86, IACS Contribution N$
                  ^{\circ}$2, UNESCO-IHP}},
  year	    = {2011}}

@article{greene_2024,
  author    = {Greene, Chad A. and Gardner, Alex S. and Wood, Michael and Cuzzone, Joshua K.},
  title     = {Ubiquitous acceleration in {G}reenland Ice Sheet calving from 1985 to 2022},
  journal   = {Nature},
  year 	    = 2024,
  volume    = 625,
  number    = 7995,
  pages     = {523–528},
  month     = 1,
  ISSN 	    = {1476-4687},
  DOI 	    = {10.1038/s41586-023-06863-2},
  publisher = {Springer Science and Business Media LLC}}

@article{kochtitzky_2023,
  author    = {Kochtitzky,  William and Copland,  Luke and King,  Michalea and Hugonnet,  Romain and Jiskoot,  Hester and Morlighem,  Mathieu and Millan,  Romain and Khan,  Shfaqat Abbas and Noël,  Brice},
  title     = {Closing {G}reenland’s Mass Balance: Frontal Ablation of Every {G}reenlandic Glacier From 2000 to 2020},
  journal   = {Geophysical Research Letters},
  year 	    = 2023,
  volume    = 50,
  number    = 17,
  month     = 9,
  ISSN 	    = {1944-8007},
  DOI 	    = {10.1029/2023gl104095},
  publisher = {American Geophysical Union (AGU)}}

@Article{fettweis_2020,
  author    = {Fettweis, X. and Hofer, S. and Krebs-Kanzow, U. and Amory, C. and Aoki, T. and
                  Berends, C. J. and Born, A. and Box, J. E. and Delhasse, A. and Fujita, K. and
                  Gierz, P. and Goelzer, H. and Hanna, E. and Hashimoto, A. and Huybrechts, P. and
                  Kapsch, M.-L. and King, M. D. and Kittel, C. and Lang, C. and Langen, P. L. and
                  Lenaerts, J. T. M. and Liston, G. E. and Lohmann, G. and Mernild, S. H. and
                  Mikolajewicz, U. and Modali, K. and Mottram, R. H. and Niwano, M. and No\"el, B.
                  and Ryan, J. C. and Smith, A. and Streffing, J. and Tedesco, M. and van de Berg,
                  W. J. and van den Broeke, M. and van de Wal, R. S. W. and van Kampenhout, L. and
                  Wilton, D. and Wouters, B. and Ziemen, F. and Zolles, T.},
  title     = {{GrSMBMIP}: intercomparison of the modelled 1980--2012 surface mass balance over the
                  {G}reenland {I}ce {S}heet},
  journal   = {The Cryosphere},
  year 	    = 2020,
  volume    = 14,
  number    = 11,
  pages     = {3935--3958},
  DOI 	    = {10.5194/tc-14-3935-2020}}

@article{rignot_2010,
  author    = {Rignot, Eric J. and Koppes, Michele and Velicogna, Isabella},
  doi	    = {10.1038/NGEO765},
  file	    = {./r/rignot/rignot_2010.pdf},
  journal   = {Nature Geoscience},
  keywords  = {Greenland, Glacier, meltwater, Ocean, PIG},
  location  = {Pine Island Glacier, Antarctica},
  number    = {3},
  pages	    = {187 -- 191},
  title	    = {Rapid submarine melting of the calving faces of {W}est {G}reenland glaciers},
  volume    = {3},
  year	    = {2010}
}


@article{mankoff_2017_VHD,
  author    = {Mankoff, Kenneth D. and Tulaczyk, Slawek M.},
  doi	    = {10.5194/tc-11-303-2017},
  journal   = {The Cryosphere},
  pages	    = {303--317},
  title	    = {The past, present, and future viscous heat dissipation available for {G}reenland
                  subglacial conduit formation},
  volume    = {11},
  year	    = {2017},
  file	    = {./m/mankoff/mankoff_2017_VHD.pdf}
}

@article{rignot_2019,
  author    = {Eric Rignot and J{\'{e}}r{\'{e}}mie Mouginot and Bernd Scheuchl and Michiel van den
                  Broeke and Melchior J. van Wessem and Mathieu Morlighem},
  title     = {Four decades of {A}ntarctic Ice Sheet mass balance from 1979{\textendash}2017},
  journal   = {Proceedings of the National Academy of Sciences},
  year 	    = 2019,
  volume    = 116,
  number    = 4,
  pages     = {1095--1103},
  doi 	    = {10.1073/pnas.1812883116},
  publisher = {Proceedings of the National Academy of Sciences}}


@article{pattyn_2010,
  author    = {Pattyn, Frank},
  doi	    = {10.1016/j.epsl.2010.04.025},
  journal   = {Earth and Planetary Science Letters},
  number    = {3--4},
  pages	    = {451--461},
  publisher = {Elsevier},
  title	    = {{A}ntarctic subglacial conditions inferred from a hybrid ice sheet/ice stream model},
  volume    = {295},
  year	    = {2010}
}

@article{kraak_2021,
  author    = {Kraak, Menno-Jan},
  title     = {The best map ever?},
  journal   = {International Journal of Cartography},
  year 	    = 2021,
  volume    = 7,
  number    = 2,
  pages     = {205–210},
  month     = 4,
  ISSN 	    = {2372-9341},
  DOI 	    = {10.1080/23729333.2021.1909404},
  publisher = {Informa UK Limited}}

@article{bell_2014,
  author    = {Bell, Robin E. and Tinto, Kirsteen. J. and Das, Indrani and Wolovick, Michael and
                  Chu, Winnie and Creyts, Timothy T. and Frearson, Nicholas and Abdi, Abdulhakim and
                  Paden, John D.},
  doi	    = {10.1038/NGEO2179},
  journal   = {Nature Geoscience},
  location  = {Greenland},
  number    = {7},
  pages	    = {497--502},
  title	    = {Deformation, warming and softening of {G}reenland's ice by refreezing meltwater},
  volume    = {7},
  year	    = {2014}
}


@misc{pandas_team,
  author    = {The pandas development team},
  title	    = {pandas-dev/pandas: {P}andas},
  month	    = 2,
  year	    = 2020,
  publisher = {Zenodo},
  version   = {latest},
  doi	    = {10.5281/zenodo.3509134},
  url	    = {https://doi.org/10.5281/zenodo.3509134}
}

@article{xarray,
  author    = {Hoyer, Stephan and Hamman, Joseph J.},
  doi	    = {10.5334/jors.148},
  file	    = {./h/hoyer/hoyer_2017.pdf},
  issn	    = {2049-9647},
  journal   = {Journal of Open Research Software},
  keywords  = {Software, Python},
  month	    = {4},
  publisher = {Ubiquity Press, Ltd.},
  title	    = {xarray: {N-D} labeled Arrays and Datasets in {P}ython},
  url	    = {http://dx.doi.org/10.5334/jors.148},
  volume    = {5},
  year	    = {2017}
}

@manual{GRASS,
  author    = {{GRASS Development Team}},
  title	    = {Geographic Resources Analysis Support System (GRASS GIS) Software},
  organization= {Open Source Geospatial Foundation},
  address   = {USA},
  year	    = {2018},
  url	    = {https://grass.osgeo.org}
}

@article{millan_2022,
  author    = {Millan, Romain and Mouginot, Jeremie and Derkacheva, Anna and Rignot, Eric and
                  Milillo, Pietro and Ciraci, Enrico and Dini, Luigi and Bjørk, Anders},
  title     = {Ongoing grounding line retreat and fracturing initiated at the {P}etermann {G}lacier ice
                  shelf, {G}reenland, after 2016},
  journal   = {The Cryosphere},
  year 	    = 2022,
  volume    = 16,
  number    = 7,
  pages     = {3021–3031},
  month     = 8,
  ISSN 	    = {1994-0424},
  DOI 	    = {10.5194/tc-16-3021-2022},
  publisher = {Copernicus GmbH}}

@article{ciraci_2023,
  author    = {Enrico Cirac{\`{\i}} and Eric Rignot and Bernd Scheuchl and Valentyn Tolpekin and
                  Michael Wollersheim and Lu An and Pietro Milillo and Jose-Luis Bueso-Bello and
                  Paola Rizzoli and Luigi Dini},
  title     = {Melt rates in the kilometer-size grounding zone of {P}etermann {G}lacier,
                  {G}reenland, before and during a retreat},
  journal   = {Proceedings of the National Academy of Sciences},
  year 	    = 2023,
  volume    = 120,
  number    = 20,
  doi 	    = {10.1073/pnas.2220924120},
  publisher = {Proceedings of the National Academy of Sciences},
  file 	    = {./c/ciraci/ciraci_2023.pdf}}
  

@article{rignot_2013,
  author    = {Rignot, Eric J. and Jacobs, Stanley S. and Mouginot, J. and Scheuchl, B.},
  doi	    = {10.1126/science.1235798},
  file	    = {./r/rignot/rignot_2013.pdf},
  journal   = {Science},
  number    = {6143},
  pages	    = {266--270},
  title	    = {Ice shelf melting around {A}ntarctica},
  volume    = {341},
  year	    = {2013}
}

@misc{mouginot_2017,
  author    = {Mouginot, Jeremie},
  title     = {{MEaSURES} {A}ntarctic Boundaries for {IPY} 2007-2009 from Satellite Radar, Version 2},
  year 	    = 2017,
  doi 	    = {10.5067/AXE4121732AD},
  url 	    = {https://nsidc.org/data/nsidc-0709/versions/2},
  publisher = {NASA National Snow and Ice Data Center Distributed Active Archive Center}}

@article{shapiro_2004,
  author    = {Shapiro, Nokolai M. and Ritzwoller, Michael H.},
  doi	    = {10.1016/j.epsl.2004.04.011},
  file	    = {./s/shapiro/shapiro_2004.pdf},
  journal   = {Earth and Planetary Science Letters},
  pages	    = {213--224},
  title	    = {Inferring Surface Heat Flux Distributions Guided by a Global Seismic Model:
                  Particular Application to {A}ntarctica},
  volume    = {223},
  year	    = {2004}}

@article{van-liefferinge_2013,
  author    = {Van Liefferinge, B. and Pattyn, F.},
  title     = {Using ice-flow models to evaluate potential sites of million year-old ice in
                  {A}ntarctica},
  journal   = {Climate of the Past},
  year 	    = 2013,
  volume    = 9,
  number    = 5,
  pages     = {2335–2345},
  month     = 10,
  ISSN 	    = {1814-9332},
  url 	    = {http://dx.doi.org/10.5194/cp-9-2335-2013},
  DOI 	    = {10.5194/cp-9-2335-2013},
  file	    = {./v/van liefferinge/van-liefferinge_2013.pdf},
  publisher = {Copernicus GmbH}}

@article{paolo_2023,
  author    = {Fernando S. Paolo and Alex S. Gardner and Chad A. Greene and Johan Nilsson and 
                  Michael P. Schodlok and Nicole-Jeanne Schlegel and Helen A. Fricker},
  title     = {Widespread slowdown in thinning rates of {W}est {A}ntarctic ice shelves},
  journal   = {The Cryosphere},
  year 	    = 2023,
  volume    = 17,
  number    = 8,
  pages     = {3409--3433},
  doi 	    = {10.5194/tc-17-3409-2023},
  file 	    = {./p/paolo/paolo_2023.pdf},
  publisher = {Copernicus {GmbH}}}


@article{allen_2014,
  author    = {Liz Allen and Jo Scott and Amy Brand and Marjorie Hlava and Micah Altman},
  title     = {Publishing: Credit where credit is due},
  journal   = {Nature},
  year 	    = 2014,
  volume    = 508,
  number    = 7496,
  pages     = {312--313},
  month     = 4,
  doi 	    = {10.1038/508312a},
  publisher = {Springer Science and Business Media {LLC}},
  file 	    = {./a/allen/allen_2014.pdf}}

@article{allen_2019,
  author    = {Allen, Liz and O’Connell, Alison and Kiermer, Veronique},
  title     = {How can we ensure visibility and diversity in research contributions? How the
                  Contributor Role Taxonomy ({CRediT}) is helping the shift from authorship to
                  contributorship},
  journal   = {Learned Publishing},
  year 	    = 2019,
  volume    = 32,
  number    = 1,
  pages     = {71–74},
  month     = 1,
  ISSN 	    = {0953-1513},
  DOI 	    = {10.1002/leap.1210},
  file 	    = {./a/allen/allen_2019.pdf},
  publisher = {Wiley}}

@article{brand_2015,
  author    = {Amy Brand and Liz Allen and Micah Altman and Marjorie Hlava and Jo Scott},
  title     = {Beyond authorship: attribution,  contribution,  collaboration,  and credit},
  journal   = {Learned Publishing},
  year 	    = 2015,
  volume    = 28,
  number    = 2,
  pages     = {151--155},
  month     = 4,
  doi 	    = {10.1087/20150211},
  file 	    = {./b/brand/brand_2015.pdf},
  publisher = {Wiley}}

@incollection{ipcc_AR6_ch9,
  title	    = {Ocean, Cryosphere and Sea Level Change},
  publisher = {Cambridge University Press},
  year	    = 2023,
  pages	    = {1211--1362},
  author    = {Fox-Kemper, B. and H.T. Hewitt and C. Xiao and G. Aðalgeirsdóttir and S.S. Drijfhout
                  and T.L. Edwards and N.R. Golledge and M. Hemer and R.E. Kopp and G. Krinner and
                  A. Mix and D. Notz and S. Nowicki and I.S. Nurhati and L. Ruiz and J.-B. Sallée
                  and A.B.A. Slangen and Y. Yu},
  booktitle = {Climate Change 2021: The Physical Science Basis. Contribution of Working Group I to
                  the Sixth Assessment Report of the Intergovernmental Panel on Climate Change},
  editor    = {Masson-Delmotte, V. and P. Zhai and A. Pirani and S.L. Connors and C. Péan and S.
                  Berger and N. Caud and Y. Chen and L. Goldfarb and M.I. Gomis and M. Huang and K.
                  Leitzell and E. Lonnoy and J.B.R. Matthews and T.K. Maycock and T. Waterfield and
                  O. Yelekçi and R. Yu and and B. Zhou },
  doi	    = {10.1017/9781009157896.011},
  file 	    = {./i/ipcc/ipcc_AR6_ch9.pdf}
}

@article{agosta_2013,
  author    = {Agosta, Cécile and Favier, Vincent and Krinner, Gerhard and Gallée, Hubert and
                  Fettweis, Xavier and Genthon, Christophe},
  title     = {High-resolution modelling of the {A}ntarctic surface mass balance, application for
                  the twentieth, twenty first and twenty second centuries},
  journal   = {Climate Dynamics},
  year      = 2013,
  volume    = 41,
  number    = {11–12},
  pages     = {3247–3260},
  ISSN      = {1432-0894},
  DOI       = {10.1007/s00382-013-1903-9},
  publisher = {Springer Science and Business Media LLC}
}

@article{davison_2023,
  author    = {Benjamin J. Davison and Anna E. Hogg and Noel Gourmelen and Livia Jakob and Jan Wuite
                  and Thomas Nagler and Chad A. Greene and Julia Andreasen and Marcus E. Engdahl },
  title	    = {Annual mass budget of {A}ntarctic ice shelves from 1997 to 2021},
  journal   = {Science Advances},
  year	    = 2023,
  volume    = 9,
  number    = 41,
  pages	    = {eadi0186},
  doi	    = {10.1126/sciadv.adi0186},
  file	    = {./d/davison/davison_2023.pdf}}


@article{greene_2022,
  author    = {Chad A. Greene and Alex S. Gardner and Nicole-Jeanne Schlegel and Alexander D.
                  Fraser},
  title     = {{A}ntarctic calving loss rivals ice-shelf thinning},
  journal   = {Nature},
  year 	    = 2022,
  month     = 8,
  doi 	    = {10.1038/s41586-022-05037-w},
  publisher = {Springer Science and Business Media {LLC}}}

@article{vosough_2019,
  author    = {Vosough, Zana and Kammer, Dietrich and Keck, Mandy and Groh, Rainer},
  title     = {Visualization approaches for understanding uncertainty in flow diagrams},
  journal   = {Journal of Computer Languages},
  year 	    = 2019,
  volume    = 52,
  pages     = {44–54},
  month     = 6,
  ISSN 	    = {2590-1184},
  DOI 	    = {10.1016/j.cola.2019.03.002},
  file 	    = {./v/vosough/vosough_2019.pdf},
  publisher = {Elsevier BV}}


@article{greene_2020,
  author    = {Greene, Chad A. and Gardner, Alex S. and Andrews, Lauren C.},
  title     = {Detecting seasonal ice dynamics in satellite images},
  journal   = {The Cryosphere},
  year 	    = 2020,
  volume    = 14,
  number    = 12,
  pages     = {4365–4378},
  month     = 12,
  ISSN 	    = {1994-0424},
  DOI 	    = {10.5194/tc-14-4365-2020},
  file 	    = {./g/greene/greene_2020.pdf},
  publisher = {Copernicus GmbH}}

@Article{mankoff_2020_A380,
  author    = {Mankoff, Kenneth D. and {van As}, Dirk and Lines, Austin and Bording, Thue and
                  Elliott, Joshua and Kraghede, Rune and Cantalloube, Hubert and Oriot, Hélène and
                  Dubois-Fernandez, Pascale and {Ruault du Plessis}, Olivier and {Vest
                  Christiansen}, Anders and Auken, Esben and Hansen, Karina and Colgan, William and
                  Karlsson, Nanna B.},
  title     = {Search and recovery of aircraft parts in ice-sheet crevasse fields using airborne and
                  in situ geophysical sensors},
  journal   = {Journal of Glaciology},
  year 	    = 2020,
  volume    = 66,
  number    = 257,
  pages     = {496–508},
  month     = 4,
  issn 	    = {1727-5652},
  doi 	    = {10.1017/jog.2020.26},
  publisher = {Cambridge University Press (CUP)},
  file 	    = {./m/mankoff/mankoff_2020_A380.pdf}}

@article{groh_2019,
  author    = {Andreas Groh and Martin Horwath and Alexander Horvath and Rakia Meister and Louise
                  Sandberg S{\o}rensen and Valentina R. Barletta and Ren{\'{e}} Forsberg and Bert
                  Wouters and Pavel Ditmar and Jiangjun Ran and Roland Klees and Xiaoli Su and Kun
                  Shang and Junyi Guo and C. K. Shum and Ernst Schrama and Andrew Shepherd},
  title	    = {Evaluating {GRACE} Mass Change Time Series for the {A}ntarctic and {G}reenland Ice
                  Sheet -- Methods and Results},
  journal   = {Geosciences},
  year	    = 2019,
  volume    = 9,
  number    = 10,
  pages	    = 415,
  doi	    = {10.3390/geosciences9100415},
  publisher = {{MDPI} {AG}},
  file 	    = {./g/groh/groh_2019.pdf}
}

@article{khan_2022_alt,
  author    = {Khan, Shfaqat A. and Bamber, Jonathan L. and Rignot, Eric and Helm, Veit and
                  Aschwanden, Andy and Holland, David M. and van den Broeke, Michiel and King,
                  Michalea and Noël, Brice and Truffer, Martin and Humbert, Angelika and Colgan,
                  William and Vijay, Saurabh and Kuipers Munneke, Peter},
  title     = {{G}reenland Mass Trends From Airborne and Satellite Altimetry During 2011-2020},
  journal   = {Journal of Geophysical Research: Earth Surface},
  year 	    = 2022,
  volume    = 127,
  number    = 4,
  month     = 3,
  ISSN 	    = {2169-9011},
  DOI 	    = {10.1029/2021jf006505},
  publisher = {American Geophysical Union (AGU)},
  file 	    = {./k/khan/khan_2022_alt.pdf}}

@article{simonsen_2021,
  author    = {Sebastian B. Simonsen and Valentina R. Barletta and William Colgan and Louise
                  Sandberg S{\o}rensen},
  title     = {{G}reenland Ice Sheet mass balance (1992-2020) from calibrated radar altimetry},
  journal   = {Geophysical Research Letters},
  year 	    = 2021,
  volume    = 48,
  number    = 3,
  pages     = {e2020GL091216},
  publisher = {American Geophysical Union ({AGU})},
  doi 	    = {10.1029/2020gl091216},
  file 	    = {./s/simonsen/simonsen_2021.pdf}}

@article{barletta_2024,
  author    = {Barletta,  Valentina R. and Bordoni,  Andrea and Khan,  Shfaqat Abbas},
  title     = {{GNET} Derived Mass Balance and Glacial Isostatic Adjustment Constraints for {G}reenland},
  journal   = {Geophysical Research Letters},
  year 	    = 2024,
  volume    = 51,
  number    = 9,
  month     = 5,
  ISSN 	    = {1944-8007},
  DOI 	    = {10.1029/2023gl106891},
  publisher = {American Geophysical Union (AGU)},
  file 	    = {./b/barletta/barletta_2024.pdf}}

@article{bollen_2023,
  author    = {Bollen, Katherine E. and Enderlin, Ellyn M. and Muhlheim, Rebecca},
  title     = {Dynamic mass loss from {G}reenland’s marine-terminating peripheral glaciers
                  (1985–2018)},
  journal   = {Journal of Glaciology},
  year 	    = 2023,
  volume    = 69,
  number    = 273,
  pages     = {153–163},
  month     = 7,
  ISSN 	    = {1727-5652},
  DOI 	    = {10.1017/jog.2022.52},
  publisher = {Cambridge University Press (CUP)},
  file 	    = {./b/bollen/bollen_2023.pdf}}

@article{rignot_2014,
  author    = {Rignot, Eric J. and Mouginot, J. and Morlighem, Mathieu and Scheuchl, B.},
  doi	    = {10.1002/2014GL060140},
  dt	    = {1992 -- 2011},
  file	    = {./r/rignot/rignot_2014.pdf},
  journal   = {Geophysical Research Letters},
  number    = {10},
  pages	    = {3502--3509},
  title	    = {Widespread, rapid grounding line retreat of {P}ine {I}sland, {T}hwaites, {S}mith and
                  {K}ohler glaciers, {W}est {A}ntarctica from 1992 to 2011},
  volume    = {41},
  year	    = {2014}
}

@article{milillo_2022,
  author    = {Milillo, P. and Rignot, E. and Rizzoli, P. and Scheuchl, B. and Mouginot, J. and
                  Bueso-Bello, J. L. and Prats-Iraola, P. and Dini, L.},
  title     = {Rapid glacier retreat rates observed in {W}est {A}ntarctica},
  journal   = {Nature Geoscience},
  year 	    = 2022,
  volume    = 15,
  number    = 1,
  pages     = {48–53},
  month     = 1,
  ISSN 	    = {1752-0908},
  DOI 	    = {10.1038/s41561-021-00877-z},
  publisher = {Springer Science and Business Media LLC},
  file 	    = {./m/milillo/milillo_2022.pdf}}

@article{konrad_2018,
  author    = {Konrad, Hannes and Shepherd, Andrew and Gilbert, Lin and Hogg, Anna E. and McMillan,
                  Malcolm and Muir, Alan and Slater, Thomas},
  title     = {Net retreat of {A}ntarctic glacier grounding lines},
  journal   = {Nature Geoscience},
  year 	    = 2018,
  volume    = 11,
  number    = 4,
  pages     = {258–262},
  month     = 4,
  ISSN 	    = {1752-0908},
  url 	    = {http://dx.doi.org/10.1038/s41561-018-0082-z},
  DOI 	    = {10.1038/s41561-018-0082-z},
  publisher = {Springer Science and Business Media LLC}}

@article{picton_2023,
  author    = {Picton, Hannah J. and Stokes, Chris R. and Jamieson, Stewart S. R. and Floricioiu,
                  Dana and Krieger, Lukas},
  title     = {Extensive and anomalous grounding line retreat at {V}anderford {G}lacier, {V}incennes {B}ay,
                  {W}ilkes {L}and, {E}ast {A}ntarctica},
  journal   = {The Cryosphere},
  year 	    = 2023,
  volume    = 17,
  number    = 8,
  pages     = {3593–3616},
  month     = 8,
  ISSN 	    = {1994-0424},
  url 	    = {http://dx.doi.org/10.5194/tc-17-3593-2023},
  DOI 	    = {10.5194/tc-17-3593-2023},
  publisher = {Copernicus GmbH}}

@article{li_2023,
  author    = {Li, Tian and Dawson, Geoffrey J. and Chuter, Stephen J. and Bamber, Jonathan L.},
  title     = {Grounding line retreat and tide-modulated ocean channels at {M}oscow {U}niversity and
                  {T}otten {G}lacier ice shelves, {E}ast {A}ntarctica},
  journal   = {The Cryosphere},
  year 	    = 2023,
  volume    = 17,
  number    = 2,
  pages     = {1003–1022},
  month     = 3,
  ISSN 	    = {1994-0424},
  url 	    = {http://dx.doi.org/10.5194/tc-17-1003-2023},
  DOI 	    = {10.5194/tc-17-1003-2023},
  publisher = {Copernicus GmbH}}

@article{gadi_2023,
  author    = {Gadi, R. and Rignot, E. and Menemenlis, D.},
  title	    = {Modeling Ice Melt Rates From Seawater Intrusions in the Grounding Zone of {P}etermann
                  {G}letscher, {G}reenland},
  journal   = {Geophysical Research Letters},
  year	    = 2023,
  volume    = 50,
  number    = 24,
  month	    = 12,
  ISSN	    = {1944-8007},
  url	    = {http://dx.doi.org/10.1029/2023GL105869},
  DOI	    = {10.1029/2023gl105869},
  publisher = {American Geophysical Union (AGU)},
  file 	    = {./g/gadi/gadi_2023.pdf}
}

@article{millan_2022_petermann,
  author    = {Millan, Romain and Mouginot, Jeremie and Derkacheva, Anna and Rignot, Eric and
                  Milillo, Pietro and Ciraci, Enrico and Dini, Luigi and Bjørk, Anders},
  title     = {Ongoing grounding line retreat and fracturing initiated at the {P}etermann {G}lacier ice
                  shelf, {G}reenland, after 2016},
  journal   = {The Cryosphere},
  year 	    = 2022,
  volume    = 16,
  number    = 7,
  pages     = {3021–3031},
  month     = 8,
  ISSN 	    = {1994-0424},
  DOI 	    = {10.5194/tc-16-3021-2022},
  file 	    = {./m/millan/millan_2022_petermann.pdf},
  publisher = {Copernicus GmbH}}

@misc{grace_GIS_2024_data,
  author    = {D. N. Wiese, D.-N. Yuan},
  title     = {Tellus Level-4 {G}reenland Mass Anomaly Time Series from {JPL} {GRACE/GRACE-FO} {M}ascon {CRI} Filtered Release 06.3 version 04},
  year 	    = 2024,
  doi 	    = {10.5067/TEMSC-GT634},
  url 	    = {https://podaac.jpl.nasa.gov/dataset/GREENLAND_MASS_TELLUS_MASCON_CRI_TIME_SERIES_RL06.3_V4},
  publisher = {NASA Physical Oceanography Distributed Active Archive Center}}


@article{watkins_2015,
  author    = {Watkins, Michael M. and Wiese, David N. and Yuan, Dah‐Ning and Boening, Carmen and
                  Landerer, Felix W.},
  title     = {Improved methods for observing {E}arth’s time variable mass distribution with {GRACE}
                  using spherical cap mascons},
  journal   = {Journal of Geophysical Research: Solid Earth},
  year 	    = 2015,
  volume    = 120,
  number    = 4,
  pages     = {2648–2671},
  month     = 4,
  ISSN 	    = {2169-9356},
  url 	    = {http://dx.doi.org/10.1002/2014JB011547},
  DOI 	    = {10.1002/2014jb011547},
  publisher = {American Geophysical Union (AGU)}}

@article{wiese_2016,
  author    = {Wiese, David N. and Landerer, Felix W. and Watkins, Michael M.},
  title     = {Quantifying and reducing leakage errors in the {JPL} {RL05M} {GRACE} mascon solution},
  journal   = {Water Resources Research},
  year 	    = 2016,
  volume    = 52,
  number    = 9,
  pages     = {7490–7502},
  month     = 9,
  ISSN 	    = {1944-7973},
  url 	    = {http://dx.doi.org/10.1002/2016WR019344},
  DOI 	    = {10.1002/2016wr019344},
  publisher = {American Geophysical Union (AGU)}}

@article{groh_2021,
  author    = {Andreas Groh and Martin Horwath},
  title     = {{A}ntarctic Ice Mass Change Products from {GRACE}/{GRACE}-{FO} Using Tailored
                  Sensitivity Kernels},
  journal   = {Remote Sensing},
  year 	    = 2021,
  volume    = 13,
  number    = 9,
  pages     = 1736,
  doi 	    = {10.3390/rs13091736},
  file 	    = {./g/groh/groh_2021.pdf},
  publisher = {{MDPI} {AG}}}
